------------------------------------------------------------------------------
Simplescalar
------------------------------------------------------------------------------
@article{Burger97,
	author = {Doug Burger and Todd M. Austin},
	title = {The SimpleScalar tool set, version 2.0},
	journal = {SIGARCH Comput. Archit. News},
	volume = {25},
	number = {3},
	year = {1997},
	issn = {0163-5964},
	pages = {13--25},
	doi = {http://doi.acm.org/10.1145/268806.268810},
	publisher = {ACM Press},
}
@article{Austin02,
	author = {Todd Austin and Eric Larson and Dan Ernst},
	title = {SimpleScalar: An Infrastructure for Computer System Modeling},
	journal = {Computer},
	volume = {35},
	number = {2},
	year = {2002},
	issn = {0018-9162},
	pages = {59--67},
	doi = {http://dx.doi.org/10.1109/2.982917},
	publisher = {IEEE Computer Society Press},
}


@manual{Tutorialv4,
	author = "Todd Austin and Dan Ernst and Eric Larson and Chris Weaver and Raj Desikan,
	Ramadass Nagarajan and Jaehyuk Huh and Bill Yoder and Doug Burger and Steve Keckler",
	title = "SimpleScalar Tutorial (for release 4.0)",
	url = "http://www.simplescalar.com/docs/simple_tutorial_v4.pdf",
}

@manual{Tutorialv2,
	author = "Todd Austin and Doug Burger",
	title = "SimpleScalar Tutorial (for tool set release 2.0)",
	url = "http://www.simplescalar.com/docs/simple_tutorial_v2.pdf",
}

@manual{SimpleScalarInstall,
	author = "Doug Burger",
	title = "SimpleScalar version 2.0 installation guide",
	year = "1997",
	url = "http://www.simplescalar.com/docs/install_guide_v2.txt",
}

@manual{SimpleScalarUserGuide,
	author = "Doug Burger and Todd M. Austin",
	title = "The SimpleScalar Tool Set, Version 2.0",
	url = "http://www.simplescalar.com/docs/users_guide_v2.pdf",
	year = "1997"
}

------------------------------------------------------------------------------
LaMarcas Cache stuff
------------------------------------------------------------------------------
@phdthesis{LaMarca96,
	author ="Anthony G. LaMarca and Richard E. Ladner",
	title ="Caches and algorithms",
	year ="1996",
	school = "University of Washington"
}

@inproceedings{LaMarca99,
	author = {Anthony LaMarca and Richard E. Ladner},
	title = {The influence of caches on the performance of sorting},
	booktitle = {Proceedings of the eighth annual ACM-SIAM symposium on Discrete algorithms},
	year = {1997},
	isbn = {0-89871-390-0},
	pages = {370--379},
	location = {New Orleans, Louisiana, United States},
	publisher = {Society for Industrial and Applied Mathematics},
}

@article{LaMarcaHeap96,
	author = {Anthony LaMarca and Richard Ladner},
	title = {The influence of caches on the performance of heaps},
	journal = {J. Exp. Algorithmics},
	volume = {1},
	year = {1996},
	issn = {1084-6654},
	pages = {4},
	doi = {http://doi.acm.org/10.1145/235141.235145},
	publisher = {ACM Press},
}

------------------------------------------------------------------------------
text books
------------------------------------------------------------------------------
@book{Sedgewick02,
	author = {Robert Sedgewick},
	title = {Algorithms in C},
	year = {2002},
	isbn = {0201849372},
	publisher = {Addison-Wesley Longman Publishing Co., Inc.},
}

knuth may belong here, but hes in the merging section


------------------------------------------------------------------------------
branch prediction
------------------------------------------------------------------------------
@article{Uht97,
	author = {Augustus K. Uht and Vijay Sindagi and Sajee Somanathan},
	title = {Branch Effect Reduction Techniques},
	journal = {Computer},
	volume = {30},
	number = {5},
	year = {1997},
	issn = {0018-9162},
	pages = {71--81},
	doi = {http://dx.doi.org/10.1109/2.589913},
	publisher = {IEEE Computer Society Press},
}

came up with the combined predictor (2 level), with either global or local history
@techreport{McFarling93,
	author      ="McFarling, Scott",
	title       ="Combining Branch Predictors",
	number      ="TN-36",
	institution ="Digital Equipment Corporation, Western Research Lab",
	month       ="June",
	year        ="1993",
	scope       ="instrpar",
	abstractURL ="http://www.research.digital.com/wrl/techreports/abstracts/TN-36.html",
	documentURL ="ftp://gatekeeper.dec.com/pub/DEC/WRL/research-reports/WRL-TN-36.ps"
}

discusses bimodal and simpler predictors
@inproceedings{Smith81,
	author = {James E. Smith},
	title = {A study of branch prediction strategies},
	booktitle = {Proceedings of the 8th annual symposium on Computer Architecture},
	year = {1981},
	pages = {135--148},
	location = {Minneapolis, Minnesota, United States},
	publisher = {IEEE Computer Society Press},
}

gods of hardware
@book{HennessyPatterson90,
	author = {David A. Patterson and John L. Hennessy},
	title = {Computer architecture: a quantitative approach},
	year = {1990},
	isbn = {1-55880-069-8},
	publisher = {Morgan Kaufmann Publishers Inc.},
}

------------------------------------------------------------------------------

------------------------------------------------------------------------------

discusses loop unrolling
@article{Lowney93,
	author = {P. Geoffrey Lowney and Stefan M. Freudenberger and Thomas J. Karzes and W. D. Lichtenstein and Robert P. Nix and John S. O'Donnell and John Ruttenberg},
	title = {The multiflow trace scheduling compiler},
	journal = {J. Supercomput.},
	volume = {7},
	number = {1-2},
	year = {1993},
	issn = {0920-8542},
	pages = {51--142},
	publisher = {Kluwer Academic Publishers},
}

------------------------------------------------------------------------------
merging
------------------------------------------------------------------------------
first paper on merging
@article{Friend56,
	author = {Edward H. Friend},
	title = {Sorting on Electronic Computer Systems},
	journal = {J. ACM},
	volume = {3},
	number = {3},
	year = {1956},
	issn = {0004-5411},
	pages = {134--168},
	doi = {http://doi.acm.org/10.1145/320831.320833},
	publisher = {ACM Press},
}

talks about loop titling
used in mergesort
@inproceedings{Wolfe89,
	author = {M. Wolfe},
	title = {More iteration space tiling},
	booktitle = {Proceedings of the 1989 ACM/IEEE conference on Supercomputing},
	year = {1989},
	isbn = {0-89791-341-8},
	pages = {655--664},
	location = {Reno, Nevada, United States},
	doi = {http://doi.acm.org/10.1145/76263.76337},
	publisher = {ACM Press},
}

has algorithm N and stuff
@book{Knuth98,
	author = {Donald E. Knuth},
	title = {The art of computer programming,  volume 3: (2nd ed.) sorting and searching},
	year = {1998},
	isbn = {0-201-89685-0},
	publisher = {Addison Wesley Longman Publishing Co., Inc.},
}
@article{Xiao00,
	author = {Li Xiao and Xiaodong Zhang and Stefan A. Kubricht},
	title = {Improving memory performance of sorting algorithms},
	journal = {J. Exp. Algorithmics},
	volume = {5},
	year = {2000},
	issn = {1084-6654},
	pages = {3},
	doi = {http://doi.acm.org/10.1145/351827.384245},
	publisher = {ACM Press},
}


------------------------------------------------------------------------------
quicksort
------------------------------------------------------------------------------
@inproceedings{SedgewickBentley02,
	author="Robert Sedgewick and Jon Bentley",
	title = "Quicksort is Optimal",
	year = "2002",
	location = "Knuthfest, Stanford University, Stanford"
}

C quicksort. reimplemented in later glibc versions
@article{BentleyMcIlroy93,
	author = {Jon L. Bentley and M. Douglas McIlroy},
	title = {Engineering a sort function},
	journal = {Softw. Pract. Exper.},
	volume = {23},
	number = {11},
	year = {1993},
	issn = {0038-0644},
	pages = {1249--1265},
	publisher = {John Wiley \& Sons, Inc.},
}

original quicksort
@article{Hoare62,
	author = 	"C. A. R. Hoare",
	title = 	"Quicksort",
	journal = 	"Computer Journal",
	year = 		1962,
	mon =		apr,
	volume = 	5,
	number = 	1,
	pages = 	"10--15"
}

code for partition
@article{HoarePartition61,
	author = {C. A. R. Hoare},
	title = {Algorithm 63: partition},
	journal = {Commun. ACM},
	volume = {4},
	number = {7},
	year = {1961},
	issn = {0001-0782},
	pages = {321},
	doi = {http://doi.acm.org/10.1145/366622.366642},
	publisher = {ACM Press},
}

code for quicksort
@article{HoareQuicksort61,
	author = {C. A. R. Hoare},
	title = {Algorithm 64: Quicksort},
	journal = {Commun. ACM},
	volume = {4},
	number = {7},
	year = {1961},
	issn = {0001-0782},
	pages = {321},
	doi = {http://doi.acm.org/10.1145/366622.366644},
	publisher = {ACM Press},
}

removes recursion, adds small subfiles, median of 3, and smallest partition first
also talks about unrolling, which we didnt do
@article{Sedgewick78,
	author = {Robert Sedgewick},
	title = {Implementing Quicksort programs},
	journal = {Commun. ACM},
	volume = {21},
	number = {10},
	year = {1978},
	issn = {0001-0782},
	pages = {847--857},
	doi = {http://doi.acm.org/10.1145/359619.359631},
	publisher = {ACM Press},
}


-----------------------------------------
Pentium 4
-----------------------------------------

@techreport{Intel248966-010,
	author = {Intel},
	title = {IA-32 Intel® Architecture Optimization - Reference Manual},
	year = {2004}
}
@techreport{Intel249438-01,
	author = {Intel},
	title = {Desktop Performance and Optimization for Intel® Pentium® 4 Processor},
	year = {2001}
}
